@article{skript:bonchi-pous,
	author = { Bonchi, Filippo and Pous, Damien },
	title = { Hacking Nondeterminism with Induction and Coinduction },
	journal = { Communications of the ACM },
	volume = 58,
	year = 2015,
	number = 2,
	pages = {87--95}
}

@article{skript:aks,
	author = {Agrawal, Manindra and Kayal, Neeraj and Saxena, Nitin},
	title = {PRIMES is in P},
	journal = {Annals of Mathematics},
	volume = {160},
	number = {2},
	pages = {781--793},
	year = {2004}
}

@book{skript:arorabarak,
	author = {Arora, Sanjeev and Barak, Boaz},
	title = {Computational Complexity},
	publisher = {Cambridge University Press},
	year = {2009}
}

@book{skript:sipser,
	author = { Michael Sipser },
	title = { Introduction to the Theory of Computation },
	subtitle = { second edition },
	publisher = { Thomson Course Technology },
	year = { 2006 }
}

@book{skript:garey-johnson,
	author = { Garey, Michael R. and Johnson, David S. },
	title = { Computers and Intractability },
	subtitle = { A Guide to the Theory of NP-Completeness },
	publisher = { W. H. Freedman and Company },
	year = 1979
}

@online{skript:gimps,
	title = {Great Internet Mersenne Prime Search},
	url = {http://www.mersenne.org/},
	urldate = {2015-02-27}
}
